@misc{excel2latex,
	author       = "Excel2Latex",
	title        = "Plugin para hacer tablas con Excel",
	url          = "https://www.ctan.org/tex-archive/support/excel2latex/",
	year         = "2017"
}

@misc{template,
	author       = "Pizarro, Pablo",
	title        = "Template Informe en \LaTeX",
	url          = "https://latex.ppizarror.com/informe",
	year         = "2016-2024"
}

@misc{overleaf,
	author       = "Overleaf",
	title        = "Uno de los mejores editores online para \LaTeX, renovado con su versión 2.0",
	url          = "https://es.overleaf.com/",
	year         = "2024",
	month        = "Agosto"
}

@misc{tablesgenerator,
	author       = "Tables Generator",
	title        = "Creador de tablas online para \LaTeX",
	url          = "https://www.tablesgenerator.com",
	year         = "2024"
}

@article{einstein,
	author       = "Albert Einstein",
	title        = "{Zur Elektrodynamik bewegter K{\"o}rper}. ({German}) [{On} the electrodynamics of moving bodies]",
	journal      = "Annalen der Physik",
	volume       = "322",
	number       = "10",
	pages        = "891--921",
	year         = "1905",
	DOI          = "https://dx.doi.org/10.1002/andp.19053221004"
}

@book{GrandViewResearch2024,
  author       = {{Grand View Research}},
  year         = {2024},
  title        = {Latin America Digital Health Market Size \& Outlook, 2030},
  institution  = {Grand View Research},
  url          = {https://www.grandviewresearch.com/industry-analysis/latin-america-digital-health-market}
}

@book{MordorIntelligence2025,
  author       = {{Mordor Intelligence}},
  year         = {2025},
  title        = {Latin America Digital Transformation Market Size \& Share Analysis – Growth Trends \& Forecasts (2025–2030)},
  institution  = {Mordor Intelligence},
  url          = {https://www.mordorintelligence.com/industry-reports/latin-america-digital-transformation-market}
}

@book{SuperSalud2025,
  author       = {{Superintendencia de Salud de Chile}},
  year         = {2025},
  title        = {Telemedicina y Salud Mental en Chile},
  publisher    = {Superintendencia de Salud de Chile},
  note         = {Documento de trabajo; Ley N.\,21.541 formaliza directrices para la práctica, seguridad de datos e interoperabilidad},
  url          = {https://www.supersalud.gob.cl/telemedicina2025}
}

@book{RevChilSalud2025,
  author       = {{Revista Chilena de Salud Pública (Universidad de Chile)}},
  year         = {2025},
  title        = {Telemedicina en Chile: uso, desarrollo y controversias en una red de salud pública del sur de Chile},
  publisher    = {Universidad de Chile},
  note         = {Estudio cualitativo}
}

@book{PanAmPubHealth2024,
  author       = {{Pan American Journal of Public Health}},
  year         = {2024},
  title        = {Telesalud: una estrategia digital para la gestión de la demanda en APS en Chile},
  publisher    = {Pan American Health Organization}
}

@book{Ley20584,
  author    = {{Biblioteca del Congreso Nacional de Chile}},
  year      = {2012},
  title     = {Ley N° 20.584: Regula los derechos y deberes que tienen las personas en relación con acciones vinculadas a su atención en salud},
  publisher = {Biblioteca del Congreso Nacional de Chile},
  url       = {https://www.bcn.cl/leychile/navegar?idNorma=1039348},
  note      = {Accedido en agosto de 2025}
}

@book{ReservoQuienesSomos2025,
  author    = {{RESERVO}},
  year      = {2025},
  title     = {Quiénes Somos},
  publisher = {RESERVO},
  url       = {https://www.reservo.cl/quienes-somos},
  note      = {Consultado en agosto de 2025}
}

@book{Reinartz2004,
  author    = {Reinartz, Werner and Krafft, Manfred and Hoyer, Wayne D.},
  year      = {2004},
  title     = {The Customer Relationship Management Process: Its Measurement and Impact on Performance},
  publisher = {Journal of Marketing Research},
  volume    = {41},
  number    = {3},
  pages     = {293--305},
  note      = {APA 7}
}

@book{Gupta2006,
  author    = {Gupta, Sunil and Lehmann, Donald R. and Stuart, James A.},
  year      = {2006},
  title     = {Valuing Customers},
  publisher = {Journal of Marketing Research},
  volume    = {43},
  number    = {1},
  pages     = {7--18},
  note      = {APA 7}
}

@book{Lemmens2008,
  author    = {Lemmens, Anja and Croux, Christophe},
  year      = {2008},
  title     = {Bagging and Boosting Classification Trees to Predict Churn},
  publisher = {Journal of Marketing Research},
  volume    = {45},
  number    = {3},
  pages     = {276--286},
  note      = {APA 7}
}

@book{Kumar2010,
  author    = {Kumar, V. and Reinartz, W.},
  year      = {2010},
  title     = {Customer Relationship Management: Concept, Strategy, and Tools},
  publisher = {Springer},
  note      = {APA 7}
}

@book{Reinartz2004b,
  author    = {Reinartz, Werner and Krafft, Manfred and Hoyer, Wayne D.},
  year      = {2004},
  title     = {The Customer Relationship Management Process: Its Measurement and Impact on Performance},
  publisher = {Springer},
  note      = {APA 7}
}

@book{Lemmens2008,
  author    = {Lemmens, Anja and Croux, Christophe},
  year      = {2008},
  title     = {Bagging and Boosting Classification Trees to Predict Churn},
  publisher = {Journal of Marketing Research},
  volume    = {45},
  number    = {3},
  pages     = {276--286},
  note      = {APA 7}
}

@book{Kotler2016,
  author    = {Kotler, Philip and Keller, Kevin L.},
  year      = {2016},
  title     = {Marketing Management},
  edition   = {15th},
  publisher = {Pearson},
  note      = {APA 7}
}
